@article{司守奎,
    title = {数学建模算法与应用},
    language = {中文;},
    author = {司守奎，孙玺菁},
    journal = {国防工业出版社},
    year = {2011}
}
@phdthesis{__2012,
    type = {博士},
    title = {旅游目的地选择意向影响因素研究},
    url = {https://kns.cnki.net/kcms/detail/detail.aspx?dbcode=CDFD&dbname=CDFD1214&filename=1013198465.nh&v=XFLL6W2xo75zH6cVXJoVWSHJ8QIPzBiahIgZ0Wx8dtgMdrrYTRT3KG1%25mmd2B%25mmd2Bay9KeTh},
    abstract = {旅游市场营销研究一直是旅游学科研究的重要领域,而旅游市场研究最终的目的是通过实现消费者价值来得到目的地的生存和发展,因此,旅游者行为研究无疑是旅游市场营销的关键点。而旅游目的地的选择问题是任何一个旅游者都必须做出的最重要的决策,是旅游消费行为研究中的重要组成部分。然而由于旅游产品的具有不可转移的特点,使得对产品的体验只有通过实地旅游参与行为才能完成,所以国内外的研究基本都是从旅游目的地现实游客出发,研究旅游者对目的地的感知价值、满意度等对未来重游意愿的影响。但由于国内人均收入不高,现实中的旅游者绝大多数依然以探新求异为主要动机,重游的比率并不高。因此,本文从潜在旅游市场为切入点,分析潜在旅游者...},
    language = {中文;},
    urldate = {2021-05-06},
    school = {大连理工大学},
    author = {葛, 学峰},
    year = {2012},
    keywords = {感知价值, 旅游者, 目的地映像, 选择意向, Choice Intention, Destination Image, Perceived Value, Tourists},
}
