% Encoding: UTF-8
@article{司守奎,
	title = {数学建模算法与应用},
	language = {中文;},
	author = {司守奎，孙玺菁},
	journal = {国防工业出版社},
	year = {2011}
}
